
  @Manual{Texevier,
    title = {{Texevier}: {P}ackage to create Elsevier templates for Rmarkdown},
    author = {N.F. Katzke},
    organization = {Bureau for Economic Research},
    address = {Stellenbosch, South Africa},
    note = {version 0.1.2},
    year = {2017},
  }

@article{nids2020,
  title={National Income Dynamics Study--Coronavirus Rapid Mobile Survey (NIDS-CRAM) panel user manual},
  author={Ingle, K and Brophy, T and Daniels, RC},
  journal={Technical Note Version},
  volume={1},
  year={2020}
}

@book{bridgman2020hunger,
  title={Hunger in South Africa during 2020: Results from wave 2 of NIDS-CRAM},
  author={Bridgman, Grace and Van der Berg, Servaas and Patel, Leila and others},
  year={2020},
  publisher={Department of Economics, University of Stellenbosch}
}

@article{kohler2021distribution,
  title={The distribution and dynamics of South Africaâ€™s TERS policy},
  author={K{\"o}hler, Timothy and Hill, Robert},
  year={2021}
}

@book{wooldridge,
  title={Introductory econometrics: A modern approach},
  author={Wooldridge, Jeffrey M},
  year={2015},
  publisher={Cengage learning}
}